@STRING{icra = {{Proc. {IEEE} Int. Conf. Robotics and Automation (ICRA)}}}
@STRING{iros = {Proc. IEEE/RSJ Int. Conf. on Intelligent Robots and Systems (IROS)}}
@STRING{case = {Proc. {IEEE} Conf. on Automation Science and Engineering (CASE)}}
@STRING{ijrr = {Int. J. Robotics Research (IJRR)}}
@STRING{rss = {Proc. Robotics: Science and Systems (RSS)}}
@STRING{tra = {IEEE Trans. Robotics and Automation}}
@STRING{tro = {IEEE Trans. Robotics}}
@STRING{ram = {IEEE Robotics \& Automation Magazine}}

@incollection{leon2010opengrasp,
  title={Opengrasp: a toolkit for robot grasping simulation},
  author={Le{\'o}n, Beatriz and Ulbrich, Stefan and Diankov, Rosen and Puche, Gustavo and Przybylski, Markus and Morales, Antonio and Asfour, Tamim and Moisio, Sami and Bohg, Jeannette and Kuffner, James and others},
  booktitle={Simulation, Modeling, and Programming for Autonomous Robots},
  pages={109--120},
  year={2010},
  publisher={Springer}
}

@article{miller2004graspit,
  title={Graspit! a versatile simulator for robotic grasping},
  author={Miller, Andrew T and Allen, Peter K},
  journal={Robotics \& Automation Magazine, IEEE},
  volume={11},
  number={4},
  pages={110--122},
  year={2004},
  publisher={IEEE}
}

@inproceedings{ferrari1992,
author = {Ferrari, C. and Canny, J.},
booktitle = icra,
pages = {2290--2295},
title = {Planning optimal grasps},
year = {1992}
}

@article{cheong2011output,
  title={Output-sensitive computation of force-closure grasps of a semi-algebraic object},
  author={Cheong, Jae-Sook and Kruger, Heinrich and van der Stappen, A Frank},
  journal=tase,
  volume={8},
  number={3},
  pages={495--505},
  year={2011},
  publisher={IEEE}
}

@inproceedings{weisz2012pose,
  title={Pose error robust grasping from contact wrench space metrics},
  author={Weisz, Jonathan and Allen, Peter K},
  booktitle={Robotics and Automation (ICRA), 2012 IEEE International Conference on},
  pages={557--562},
  year={2012},
  organization={IEEE}
}

@article{zheng2005,
  title={Coping with the grasping uncertainties in force-closure analysis},
  author={Zheng, Yu and Qian, Wen-Han},
  journal=ijrr,
  volume={24},
  number={4},
  pages={311--327},
  year={2005}
}

@phdthesis{diankov2010automated,
  title={Automated construction of robotic manipulation programs},
  author={Diankov, Rosen},
  year={2010},
  school={Citeseer}
}

@inproceedings{bicchi2000robotic,
  title={Robotic grasping and contact: A review},
  author={Bicchi, Antonio and Kumar, Vijay},
  booktitle={ICRA},
  pages={348--353},
  year={2000},
  organization={Citeseer}
}

@incollection{prattichizzo2008grasping,
  title={Grasping},
  author={Prattichizzo, Domenico and Trinkle, Jeffrey C},
  booktitle={Springer handbook of robotics},
  pages={671--700},
  year={2008},
  publisher={Springer}
}

@article{balasubramanian2012physical,
  title={Physical human interactive guidance: Identifying grasping principles from human-planned grasps},
  author={Balasubramanian, Ravi and Xu, Ling and Brook, Peter D and Smith, Joshua R and Matsuoka, Yoky},
  journal={Robotics, IEEE Transactions on},
  volume={28},
  number={4},
  pages={899--910},
  year={2012},
  publisher={IEEE}
}

@inproceedings{li2005shape,
  title={A shape matching algorithm for synthesizing humanlike enveloping grasps},
  author={Li, Ying and Pollard, Nancy S},
  booktitle={Humanoid Robots, 2005 5th IEEE-RAS International Conference on},
  pages={442--449},
  year={2005},
  organization={IEEE}
}

@inproceedings{hillenbrand2012transferring,
  title={Transferring functional grasps through contact warping and local replanning},
  author={Hillenbrand, Ulrich and Roa, Maximo and others},
  booktitle={Intelligent Robots and Systems (IROS), 2012 IEEE/RSJ International Conference on},
  pages={2963--2970},
  year={2012},
  organization={IEEE}
}

@article{ciocarlie2009,
  title={Hand posture subspaces for dexterous robotic grasping},
  author={Ciocarlie, Matei T and Allen, Peter K},
  journal=ijrr,
  volume={28},
  number={7},
  pages={851--867},
  year={2009}
}

@inproceedings{goldfeder2009columbia,
  title={The Columbia grasp database},
  author={Goldfeder, Corey and Ciocarlie, Matei and Dang, Hao and Allen, Peter K},
  booktitle={Robotics and Automation, 2009. ICRA'09. IEEE International Conference on},
  pages={1710--1716},
  year={2009},
  organization={IEEE}
}

@inproceedings{goldfeder2009data,
  title={Data-driven grasping with partial sensor data},
  author={Goldfeder, Corey and Ciocarlie, Matei and Peretzman, Jaime and Dang, Hao and Allen, Peter K},
  booktitle={Intelligent Robots and Systems, 2009. IROS 2009. IEEE/RSJ International Conference on},
  pages={1278--1283},
  year={2009},
  organization={IEEE}
}

@inproceedings{stouraitis2015functional,
  title={Functional power grasps transferred through warping and replanning},
  author={Stouraitis, Theodoros and Hillenbrand, Ulrich and Roa, M{\'a}ximo A},
  booktitle={Robotics and Automation (ICRA), 2015 IEEE International Conference on},
  pages={4933--4940},
  year={2015},
  organization={IEEE}
}

@inproceedings{pokorny2013grasp,
  title={Grasp Moduli Spaces.},
  author={Pokorny, Florian T and Hang, Kaiyu and Kragic, Danica},
  booktitle={Robotics: Science and Systems},
  year={2013}
}

@inproceedings{pokorny2014grasp,
  title={Grasp moduli spaces and spherical harmonics},
  author={Pokorny, Florian T and Bekiroglu, Yasemin and Kragic, Danica},
  booktitle={Robotics and Automation (ICRA), 2014 IEEE International Conference on},
  pages={389--396},
  year={2014},
  organization={IEEE}
}

@inproceedings{detry2012generalizing,
  title={Generalizing grasps across partly similar objects},
  author={Detry, Renaud and Ek, Carl Henrik and Madry, Marianna and Piater, Justus and Kragic, Danica},
  booktitle={Robotics and Automation (ICRA), 2012 IEEE International Conference on},
  pages={3791--3797},
  year={2012},
  organization={IEEE}
}

@inproceedings{detry2013learning,
  title={Learning a dictionary of prototypical grasp-predicting parts from grasping experience},
  author={Detry, Renaud and Ek, Carl Henrik and Madry, Marianna and Kragic, Danica},
  booktitle={Robotics and Automation (ICRA), 2013 IEEE International Conference on},
  pages={601--608},
  year={2013},
  organization={IEEE}
}

@inproceedings{stulp2011learning,
  title={Learning to grasp under uncertainty},
  author={Stulp, Freek and Theodorou, Evangelos and Buchli, Jonas and Schaal, Stefan},
  booktitle={Robotics and Automation (ICRA), 2011 IEEE International Conference on},
  pages={5703--5708},
  year={2011},
  organization={IEEE}
}

@inproceedings{goldberg1990bayesian,
  title={Bayesian grasping},
  author={Goldberg, Kenneth Y and Mason, Matthew T},
  booktitle={Robotics and Automation, 1990. Proceedings., 1990 IEEE International Conference on},
  pages={1264--1269},
  year={1990},
  organization={IEEE}
}

@inproceedings{brook2011collaborative,
  title={Collaborative grasp planning with multiple object representations},
  author={Brook, Peter and Ciocarlie, Matei and Hsiao, Kaijen},
  booktitle=icra,
  pages={2851--2858},
  year={2011},
  organization={IEEE}
}

@inproceedings{hsiao2011bayesian,
  title={Bayesian grasp planning},
  author={Hsiao, Kaijen and Ciocarlie, Matei and Brook, Peter},
  booktitle={ICRA 2011 Workshop on Mobile Manipulation: Integrating Perception and Manipulation},
  year={2011}
}

@inproceedings{laaksonen2012probabilistic,
  title={Probabilistic sensor-based grasping},
  author={Laaksonen, Jonna and Nikandrova, Ekaterina and Kyrki, Ville},
  booktitle={Intelligent Robots and Systems (IROS), 2012 IEEE/RSJ International Conference on},
  pages={2019--2026},
  year={2012},
  organization={IEEE}
}

@inproceedings{kim2012physically,
  title={Physically-based grasp quality evaluation under uncertainty},
  author={Kim, Junggon and Iwamoto, Kunihiro and Kuffner, James J and Ota, Yasuhiro and Pollard, Nancy S},
  booktitle=icra,
  pages={3258--3263},
  year={2012},
  organization={IEEE}
}

@inproceedings{christopoulos2007handling,
  title={Handling shape and contact location uncertainty in grasping two-dimensional planar objects},
  author={Christopoulos, Vassilios N and Schrater, Paul},
  booktitle={Intelligent Robots and Systems, 2007. IROS 2007. IEEE/RSJ International Conference on},
  pages={1557--1563},
  year={2007},
  organization={IEEE}
}

@article{mahler2015gp,
  title={Gp-gpis-opt: Grasp planning under shape uncertainty using gaussian process implicit surfaces and sequential convex programming},
  author={Mahler, Jeffrey and Patil, Sachin and Kehoe, Ben and van den Berg, Jur and Ciocarlie, Matei and Abbeel, Pieter and Goldberg, Ken},
  booktitle=icra,
  year={2015},
  organization={IEEE}
}

@inproceedings{kehoe2012toward,
  title={Toward cloud-based grasping with uncertainty in shape: Estimating lower bounds on achieving force closure with zero-slip push grasps},
  author={Kehoe, Ben and Berenson, Dmitry and Goldberg, Ken},
  booktitle=icra,
  pages={576--583},
  year={2012},
  organization={IEEE}
}

@inproceedings{kehoe2012estimating,
  title={Estimating part tolerance bounds based on adaptive cloud-based grasp planning with slip},
  author={Kehoe, Ben and Berenson, Dmitry and Goldberg, Ken},
  booktitle=case,
  pages={1106--1113},
  year={2012},
  organization={IEEE}
}

@inproceedings{laskey2015bandits,
  title={Multi-Arm Bandit Models for 2D Sample Based Grasp Planning with Uncertainty.},
  author={Laskey, Michael and Mahler, Jeffrey and McCarthy, Zoe and Pokorny, Florian and Patil, Sachin and van den Berg, Jur and Kragic, Danica and Abbeel, Pieter and Goldberg, Ken},
  booktitle=case,
  year={2015},
  organization={IEEE}
}

@article{rodriguez2012caging,
  title={From caging to grasping},
  author={Rodriguez, Alberto and Mason, Matthew T and Ferry, Steve},
  journal=ijrr,
  pages={0278364912442972},
  year={2012},
  publisher={SAGE Publications}
}

@inproceedings{vahedi2007geometric,
  title={Geometric properties and computation of three-finger caging grasps of convex polygons},
  author={Vahedi, Mostafa and others},
  booktitle=case,
  pages={404--411},
  year={2007},
  organization={IEEE}
}

@article{vahedi2008caging,
  title={Caging polygons with two and three fingers},
  author={Vahedi, Mostafa and van der Stappen, A Frank},
  journal=ijrr,
  volume={27},
  number={11-12},
  pages={1308--1324},
  year={2008},
  publisher={SAGE Publications}
}

@inproceedings{rimon1996caging,
  title={Caging 2D bodies by 1-parameter two-fingered gripping systems},
  author={Rimon, Elon and Blake, Andrew},
  booktitle={Robotics and Automation, 1996. Proceedings., 1996 IEEE International Conference on},
  volume={2},
  pages={1458--1464},
  year={1996},
  organization={IEEE}
}

@inproceedings{Wan2012_ICRA,
  title={Grasping by caging: A promising tool to deal with uncertainty},
  author={Wan, Weiwei and Fukui, Rui and Shimosaka, Masamichi and Sato, Tomomasa and Kuniyoshi, Yasuo},
  booktitle={IEEE Int. Conf. on Robotics and Automation (ICRA)},
  pages={5142--5149},
  year={2012}
}

@inproceedings{diankov2008manipulation,
  title={Manipulation planning with caging grasps},
  author={Diankov, Rosen and Srinivasa, Siddhartha S and Ferguson, Dave and Kuffner, James},
  booktitle={Humanoid Robots, 2008. Humanoids 2008. 8th IEEE-RAS International Conference on},
  pages={285--292},
  year={2008},
  organization={IEEE}
}

@article{bohg2014data,
  title={Data-driven grasp synthesis—a survey},
  author={Bohg, Jeannette and Morales, Aythami and Asfour, Tamim and Kragic, Danica},
  journal={Robotics, IEEE Transactions on},
  volume={30},
  number={2},
  pages={289--309},
  year={2014},
  publisher={IEEE}
}

@article{goldfeder2011data,
  title={Data-driven grasping},
  author={Goldfeder, Corey and Allen, Peter K},
  journal={Autonomous Robots},
  volume={31},
  number={1},
  pages={1--20},
  year={2011},
  publisher={Springer}
}

@article{redmon2014real,
  title={Real-Time Grasp Detection Using Convolutional Neural Networks},
  author={Redmon, Joseph and Angelova, Anelia},
  journal={arXiv preprint arXiv:1412.3128},
  year={2014}
}

@article{saxena2008robotic,
  title={Robotic grasping of novel objects using vision},
  author={Saxena, Ashutosh and Driemeyer, Justin and Ng, Andrew Y},
  journal={The International Journal of Robotics Research},
  volume={27},
  number={2},
  pages={157--173},
  year={2008},
  publisher={SAGE Publications}
}

@inproceedings{jiang2011efficient,
  title={Efficient grasping from rgbd images: Learning using a new rectangle representation},
  author={Jiang, Yun and Moseson, Stephen and Saxena, Ashutosh},
  booktitle={Robotics and Automation (ICRA), 2011 IEEE International Conference on},
  pages={3304--3311},
  year={2011},
  organization={IEEE}
}

@article{lenz2015deep,
  title={Deep learning for detecting robotic grasps},
  author={Lenz, Ian and Lee, Honglak and Saxena, Ashutosh},
  journal={The International Journal of Robotics Research},
  volume={34},
  number={4-5},
  pages={705--724},
  year={2015},
  publisher={SAGE Publications}
}

@inproceedings{rao2010grasping,
  title={Grasping novel objects with depth segmentation},
  author={Rao, Deepak and Le, Quoc V and Phoka, Thanathorn and Quigley, Morgan and Sudsang, Attawith and Ng, Andrew Y},
  booktitle={Intelligent Robots and Systems (IROS), 2010 IEEE/RSJ International Conference on},
  pages={2578--2585},
  year={2010},
  organization={IEEE}
}

@inproceedings{le2010learning,
  title={Learning to grasp objects with multiple contact points},
  author={Le, Quoc V and Kamm, David and Kara, Arda F and Ng, Andrew Y},
  booktitle={Robotics and Automation (ICRA), 2010 IEEE International Conference on},
  pages={5062--5069},
  year={2010},
  organization={IEEE}
}

@article{bohg2010learning,
  title={Learning grasping points with shape context},
  author={Bohg, Jeannette and Kragic, Danica},
  journal={Robotics and Autonomous Systems},
  volume={58},
  number={4},
  pages={362--377},
  year={2010},
  publisher={Elsevier}
}

@inproceedings{herzog2012template,
  title={Template-based learning of grasp selection},
  author={Herzog, Alexander and Pastor, Peter and Kalakrishnan, Mrinal and Righetti, Ludovic and Asfour, Tamim and Schaal, Stefan},
  booktitle={Robotics and Automation (ICRA), 2012 IEEE International Conference on},
  pages={2379--2384},
  year={2012},
  organization={IEEE}
}

@article{herzog2014learning,
  title={Learning of grasp selection based on shape-templates},
  author={Herzog, Alexander and Pastor, Peter and Kalakrishnan, Mrinal and Righetti, Ludovic and Bohg, Jeannette and Asfour, Tamim and Schaal, Stefan},
  journal={Autonomous Robots},
  volume={36},
  number={1-2},
  pages={51--65},
  year={2014},
  publisher={Springer}
}

@inproceedings{kappler2015leveraging,
  title={Leveraging big data for grasp planning},
  author={Kappler, Daniel and Bohg, Jeannette and Schaal, Stefan},
  booktitle={Robotics and Automation (ICRA), 2015 IEEE International Conference on},
  pages={4304--4311},
  year={2015},
  organization={IEEE}
}

@article{michalikg3db,
  title={G3DB: A Database of Successful and Failed Grasps with RGB-D Images, Point Clouds, Mesh Models and Gripper Parameters},
  author={Michalik, Ashley Kleinhans Benjamin Rosman Michael and Detry, Bryan Tripp Renaud}
}

@inproceedings{hsiao2007grasping,
  title={Grasping pomdps},
  author={Hsiao, Kaijen and Kaelbling, Leslie Pack and Lozano-Perez, Tomas},
  booktitle={Robotics and Automation, 2007 IEEE International Conference on},
  pages={4685--4692},
  year={2007},
  organization={IEEE}
}

@article{fischinger2015learning,
  title={Learning grasps with topographic features},
  author={Fischinger, David and Weiss, Astrid and Vincze, Markus},
  journal=ijrr,
  pages={0278364915577105},
  year={2015},
  publisher={SAGE Publications}
}

@article{kahnactive,
  title={Active Exploration using Trajectory Optimization for Robotic Grasping in the Presence of Occlusions},
  author={Kahn, Gregory and Sujan, Peter and Patil, Sachin and Bopardikar, Shaunak and Ryde, Julian and Goldberg, Ken and Abbeel, Pieter}
}

@inproceedings{hsu2005hybrid,
  title={Hybrid PRM sampling with a cost-sensitive adaptive strategy},
  author={Hsu, David and S{\'a}nchez-Ante, Gildardo and Sun, Zheng},
  booktitle={Robotics and Automation, 2005. ICRA 2005. Proceedings of the 2005 IEEE International Conference on},
  pages={3874--3880},
  year={2005},
  organization={IEEE}
}

@inproceedings{matikainen2013multi,
  title={Multi-armed recommendation bandits for selecting state machine policies for robotic systems},
  author={Matikainen, Pyry and Furlong, P Michael and Sukthankar, Rahul and Hebert, Martial},
  booktitle={Robotics and Automation (ICRA), 2013 IEEE International Conference on},
  pages={4545--4551},
  year={2013},
  organization={IEEE}
}

@inproceedings{Mikko2015POMDP,
  title={Optimal Sensing via Multi-Armed Bandit Relaxations in Mixed Observability Domains},
  author={Lauri,Mikko and Ritala, RIsto},
  booktitle={Robotics and Automation, 2015. ICRA 2015. Proceedings of the 2005 IEEE International Conference on},
  year={2015},
  organization={IEEE}
}

@inproceedings{godoy2015adaptive,
  title={Adaptive Learning for Multi-Agent Navigation},
  author={Godoy, Julio E and Karamouzas, Ioannis and Guy, Stephen J and Gini, Maria},
  booktitle={Proceedings of the 2015 International Conference on Autonomous Agents and Multiagent Systems},
  pages={1577--1585},
  year={2015},
  organization={International Foundation for Autonomous Agents and Multiagent Systems}
}

@inproceedings{chu2011contextual,
  title={Contextual bandits with linear payoff functions},
  author={Chu, Wei and Li, Lihong and Reyzin, Lev and Schapire, Robert E},
  booktitle={International Conference on Artificial Intelligence and Statistics},
  pages={208--214},
  year={2011}
}

@article{brochu2010tutorial,
  title={A tutorial on Bayesian optimization of expensive cost functions, with application to active user modeling and hierarchical reinforcement learning},
  author={Brochu, Eric and Cora, Vlad M and De Freitas, Nando},
  journal={arXiv preprint arXiv:1012.2599},
  year={2010}
}

@book{rasmussen2006,
  title={Gaussian processes for machine learning},
  author={Rasmussen, C and Williams, C},
  year={2006},
  publisher={MIT Press}
}

@inproceedings{marchant2012bayesian,
  title={Bayesian optimisation for intelligent environmental monitoring},
  author={Marchant, Roman and Ramos, Fabio},
  booktitle={Intelligent Robots and Systems (IROS), 2012 IEEE/RSJ International Conference on},
  pages={2242--2249},
  year={2012},
  organization={IEEE}
}

@inproceedings{hitz2014fully,
  title={Fully autonomous focused exploration for robotic environmental monitoring},
  author={Hitz, Gregory and Gotovos, Alkis and Pomerleau, Francois and Garneau, Marie-Eve and Pradalier, Cedric and Krause, Anna and Siegwart, Roland Y},
  booktitle={Robotics and Automation (ICRA), 2014 IEEE International Conference on},
  pages={2658--2664},
  year={2014},
  organization={IEEE}
}

@inproceedings{boularias2014efficient,
  title={Efficient Optimization for Autonomous Robotic Manipulation of Natural Objects},
  author={Boularias, Abdeslam and Bagnell, J Andrew and Stentz, Anthony},
  year={2014}
}

@inproceedings{boularias2015learning,
  title={Learning to Manipulate Unknown Objects in Clutter by Reinforcement},
  author={Boularias, Abdeslam and Bagnell, J Andrew and Stentz, Anthony},
  booktitle={Twenty-Ninth AAAI Conference on Artificial Intelligence},
  year={2015}
}

@inproceedings{goetschalckx2011continuous,
  title={Continuous correlated beta processes},
  author={Goetschalckx, Robby and Poupart, Pascal and Hoey, Jesse},
  booktitle={IJCAI Proceedings-International Joint Conference on Artificial Intelligence},
  volume={22},
  number={1},
  pages={1269},
  year={2011},
  organization={Citeseer}
}

@article{kroemer2010combining,
  title={Combining active learning and reactive control for robot grasping},
  author={Kroemer, OB and Detry, Renaud and Piater, Justus and Peters, Jan},
  journal={Robotics and Autonomous Systems},
  volume={58},
  number={9},
  pages={1105--1116},
  year={2010},
  publisher={Elsevier}
}

@article{detry2011learning,
  title={Learning grasp affordance densities},
  author={Detry, Renaud and Kraft, Dirk and Kroemer, Oliver and Bodenhagen, Leon and Peters, Jan and Kr{\"u}ger, Norbert and Piater, Justus},
  journal={Paladyn, Journal of Behavioral Robotics},
  volume={2},
  number={1},
  pages={1--17},
  year={2011}
}

@inproceedings{boularias2011learning,
  title={Learning robot grasping from 3-d images with markov random fields},
  author={Boularias, Abdeslam and Kroemer, Oliver and Peters, Jan},
  booktitle={Intelligent Robots and Systems (IROS), 2011 IEEE/RSJ International Conference on},
  pages={1548--1553},
  year={2011},
  organization={IEEE}
}

@article{montesano2012active,
  title={Active learning of visual descriptors for grasping using non-parametric smoothed beta distributions},
  author={Montesano, Luis and Lopes, Manuel},
  journal={Robotics and Autonomous Systems},
  volume={60},
  number={3},
  pages={452--462},
  year={2012},
  publisher={Elsevier}
}